!Type:Bank 
D7/ 7'24
U19,049.26
T19,049.26
CX
POpening Balance
L[JPM - MRJ & DPJ - 5383]
^
D7/ 8'24
U42,692.49
T42,692.49
CX
PCash Sweep Savings
L[JPM - MJ - 8047]
^
D7/ 8'24
U-11,691.75
T-11,691.75
CX
POnline Domestic Wire
^
D7/ 8'24
U-50.00
T-50.00
CX
PDraftkings Viatrustly Web
^
D7/ 9'24
U100,000.00
T100,000.00
PTransfer To 5383
MTransfer To 5383
L[JPM - MJ - 8007]
^
D7/ 9'24
U-741.22
T-741.22
CX
PPoppins Payroll Ccd
LMisc. Expense (Business)
^
D7/10'24
U-100,000.00
T-100,000.00
PUS DOLLAR
L[JPM - MJ - 8007]
^
D7/11'24
U82,876.22
T82,876.22
CX
PCash Sweep Savings
L[JPM - MJ - 8047]
^
D7/11'24
U-82,135.00
T-82,135.00
CX
PWhitbyschool Scho Ccd
^
D7/12'24
U10,577.00
T10,577.00
CX
PVensure Hr Payroll
LNet Salary
^
D7/15'24
U-198.01
T-198.01
CX
PAt&t
LBills & Utilities:Home Phone
^
D7/16'24
U-3,779.84
T-3,779.84
CX
PField Club Greenwich
^
D7/16'24
U-870.44
T-870.44
CX
PPoppins Payroll Ccd
LMisc. Expense (Business)
^
D7/16'24
U-2,605.58
T-2,605.58
CX
PHenn Pools Llc
^
D7/17'24
U-8,940.22
T-8,940.22
CX
PChase Credit Crd Autopay Ppd Id:
L[JPM - MRJ & DPJ - 5383]
^
D7/18'24
U40,055.80
T40,055.80
CX
PCash Sweep Savings
L[JPM - MJ - 8047]
^
D7/18'24
U-34,238.71
T-34,238.71
CX
PPnp Billpayment Xx
^
D7/22'24
U-1,943.94
T-1,943.94
CX
PChase Credit Crd Autopay Ppd Id:
L[JPM - MRJ & DPJ - 5383]
^
D7/23'24
U-870.44
T-870.44
CX
PPoppins Payroll Ccd
LMisc. Expense (Business)
^
D7/25'24
U-450.00
T-450.00
CX
PZelle Payment To John Berman Jpm99aku83oe
L[JPM - MRJ & DPJ - 5383]
^
D7/26'24
U10,577.00
T10,577.00
CX
PVensure Hr Payroll
LNet Salary
^
D7/29'24
U-1,213.05
T-1,213.05
CX
PEversource Web Pay
LBills & Utilities:Utilities
^
D7/29'24
U-272.11
T-272.11
CX
PConnecticut Natu Ct
LBills & Utilities:Utilities
^
D7/29'24
U-1,000.00
T-1,000.00
CX
PGita Sutras Llc
^
D7/29'24
U-100.00
T-100.00
CX
PDraftkings Viatrustly Web
^
D7/30'24
U-105.84
T-105.84
CX
PPnp Billpayment Xx
LBills & Utilities
^
D7/30'24
U-947.54
T-947.54
CX
PPoppins Payroll Ccd
LMisc. Expense (Business)
^
D7/31'24
U0.39
T0.39
CX
PInterest
LInterest Inc
^
D8/ 1'24
U1,150.00
T1,150.00
CX
PReal Time Payment Credit Recd From Aba/contr Bnk- From: Bnf-draf
L[JPM - MRJ & DPJ - 5383]
^
D8/ 2'24
U-395.47
T-395.47
CX
PAquarion
LMisc. Expense (Business)
^
D8/ 2'24
U-3,878.05
T-3,878.05
CX
PZelle Payment To De Napoli
L[JPM - MRJ & DPJ - 5383]
^
D8/ 2'24
U-333.82
T-333.82
CX
PAquarion
LMisc. Expense (Business)
^
D8/ 2'24
U-49.00
T-49.00
CX
PPoppins Payroll Ccd
LMisc. Expense (Business)
^
D8/ 2'24
U-26,045.14
T-26,045.14
CX
PAmerican Express
L[JPM - MRJ & DPJ - 5383]
^
D8/ 2'24
U-2,000.00
T-2,000.00
CX
N757
PCheck 757
^
D8/ 5'24
U-1,349.00
T-1,349.00
CX
PWhitbyschool Scho Web
LEducation:Tuition
^
D8/ 5'24
U-2,310.48
T-2,310.48
CX
PDibico Home Management
LHome:Rent
^
D8/ 6'24
U-1,282.96
T-1,282.96
CX
PPoppins Payroll Ccd
LMisc. Expense (Business)
^
D8/ 7'24
U5,400.00
T5,400.00
POnline Transfer To Chk ...5383
L[JPM - MJ - 8007]
^
D8/ 8'24
U-1,400.00
T-1,400.00
CX
PZelle Payment To Robin Ordan Jpm99aln3zs4
L[JPM - MRJ & DPJ - 5383]
^
D8/ 9'24
U10,577.00
T10,577.00
CX
PVensure Hr Payroll
LNet Salary
^
D8/ 9'24
U-2,169.35
T-2,169.35
CX
PField Club Greenwich
^
D8/ 9'24
U-771.04
T-771.04
CX
PHenn Pools Llc
^
D8/13'24
U-741.22
T-741.22
CX
PPoppins Payroll Ccd
LMisc. Expense (Business)
^
D8/14'24
U-198.31
T-198.31
CX
PAt&t
LBills & Utilities:Home Phone
^
D8/15'24
U35,000.00
T35,000.00
CX
POnline Transfer From Chk ...7265 Transaction#:
L[JPM - MRJ & DPJ - 5383]
^
D8/19'24
U42,820.28
T42,820.28
CX
PCash Sweep Savings
L[JPM - MJ - 8047]
^
D8/19'24
U-27,875.00
T-27,875.00
CX
PBrunswick School Mxxxxxxxx
^
D8/19'24
U-27,991.75
T-27,991.75
CX
PChase Credit Crd Autopay Ppd Id:
L[JPM - MRJ & DPJ - 5383]
^
D8/20'24
U-1,366.74
T-1,366.74
CX
PChase Credit Crd Autopay Ppd Id:
L[JPM - MRJ & DPJ - 5383]
^
D8/20'24
U-998.63
T-998.63
CX
PPoppins Payroll Ccd
LMisc. Expense (Business)
^
D8/23'24
U10,577.00
T10,577.00
CX
PVensure Hr Payroll
LNet Salary
^
D8/23'24
U-800.00
T-800.00
CX
PATM Withdrawal
LCash & ATM
^
D8/26'24
U-14,389.35
T-14,389.35
CX
PAmerican Express
L[JPM - MRJ & DPJ - 5383]
^
D8/27'24
U-1,623.99
T-1,623.99
CX
PEversource Web Pay
LBills & Utilities:Utilities
^
D8/27'24
U-4,243.90
T-4,243.90
CX
PZelle Payment To De Napoli
L[JPM - MRJ & DPJ - 5383]
^
D8/27'24
U-227.66
T-227.66
CX
PConnecticut Natu Ct
LBills & Utilities:Utilities
^
D8/27'24
U-998.63
T-998.63
CX
PPoppins Payroll Ccd
LMisc. Expense (Business)
^
D8/28'24
U327.24
T327.24
CX
N1
PRemote Online Deposit
LOther Inc
^
D8/28'24
U463.70
T463.70
CX
N1
PRemote Online Deposit
LOther Inc
^
D8/30'24
U0.32
T0.32
CX
PInterest
LInterest Inc
^
D9/ 3'24
U-354.20
T-354.20
CX
PAquarion
LMisc. Expense (Business)
^
D9/ 3'24
U-354.20
T-354.20
CX
PAquarion
LMisc. Expense (Business)
^
D9/ 3'24
U-150.00
T-150.00
CX
PZelle Payment To Flor Jpm99an2cgue
L[JPM - MRJ & DPJ - 5383]
^
D9/ 4'24
U35,152.41
T35,152.41
CX
PCash Sweep Savings
L[JPM - MJ - 8047]
^
D9/ 4'24
U-3,316.70
T-3,316.70
CX
PPoppins Payroll Ccd
LMisc. Expense (Business)
^
D9/ 4'24
U-16,401.00
T-16,401.00
CX
PState Ct Drs
LTax:State
^
D9/ 4'24
U-1,126.83
T-1,126.83
CX
PPoppins Payroll Ccd
LMisc. Expense (Business)
^
D9/ 5'24
U-150.00
T-150.00
CX
PDraftkings Internet Ah
^
D9/ 6'24
U10,577.00
T10,577.00
CX
PVensure Hr Payroll
LNet Salary
^
D9/ 9'24
U1,150.00
T1,150.00
CX
PReal Time Payment Credit Recd From Aba/contr Bnk- From: Bnf-draf
L[JPM - MRJ & DPJ - 5383]
^
D9/ 9'24
U-150.00
T-150.00
CX
PZelle Payment To Flor Jpm99anegryj
L[JPM - MRJ & DPJ - 5383]
^
D9/ 9'24
U110.58
T110.58
CX
N1
PRemote Online Deposit
LOther Inc
^
D9/10'24
U-960.08
T-960.08
CX
PPoppins Payroll Ccd
LMisc. Expense (Business)
^
D9/12'24
U-174.41
T-174.41
CX
PBrunswick School Mxxxxxxxx
LEducation:Tuition
^
D9/12'24
U-180.00
T-180.00
CX
N758
PCheck # 758 09/12 758
^
D9/13'24
U-19,700.00
T-19,700.00
CX
PChase Card Ending In 5412 09/13
L[JPM - MRJ & DPJ - 5383]
^
D9/13'24
U-20,000.00
T-20,000.00
CX
PChase Card Ending In 5412 09/13
L[JPM - MRJ & DPJ - 5383]
^
D9/13'24
U-575.28
T-575.28
CX
PField Club Of Greenwich Inc
LHealth & Fitness:Gym
^
D9/13'24
U-1,000.00
T-1,000.00
CX
PDraftkings Internet Ah
^
D9/16'24
U2,000.00
T2,000.00
CX
PReal Time Payment Credit Recd From Aba/contr Bnk- From: Bnf-draf
L[JPM - MRJ & DPJ - 5383]
^
D9/16'24
U-173.03
T-173.03
CX
PEagle River Wate
LBills & Utilities:Utilities
^
D9/16'24
U-198.38
T-198.38
CX
PAt&t
LBills & Utilities:Home Phone
^
D9/16'24
U-130.00
T-130.00
CX
PZelle Payment To Flor Jpm99ansb2hc
L[JPM - MRJ & DPJ - 5383]
^
D9/17'24
U45,328.88
T45,328.88
CX
PCash Sweep Savings
L[JPM - MJ - 8047]
^
D9/17'24
U-15,000.00
T-15,000.00
CX
PState Ct Drs
LTax:State
^
D9/17'24
U-775.28
T-775.28
CX
PPoppins Payroll Ccd
LMisc. Expense (Business)
^
D9/18'24
U-64.76
T-64.76
CX
PXcel Energy
LBills & Utilities:Utilities
^
D9/19'24
U-1,047.28
T-1,047.28
CX
PSarah Ponden Llc
^
D9/19'24
U-10,000.00
T-10,000.00
CX
PWithdrawal
LCash & ATM
^
D9/20'24
U10,577.00
T10,577.00
CX
PVensure Hr Payroll
LNet Salary
^
D9/20'24
U-3,040.17
T-3,040.17
CX
PChase Credit Crd Autopay Ppd Id:
L[JPM - MRJ & DPJ - 5383]
^
D9/23'24
U2,000.00
T2,000.00
CX
PReal Time Payment Credit Recd From Aba/contr Bnk- From: Bnf-draf
L[JPM - MRJ & DPJ - 5383]
^
D9/23'24
U150.00
T150.00
CX
PZelle Payment From Rupin J Javeri Cti6g1p2b6bh
L[JPM - MRJ & DPJ - 5383]
^
D9/23'24
U-24,826.16
T-24,826.16
CX
PAmerican Express
L[JPM - MRJ & DPJ - 5383]
^
D9/23'24
U-150.00
T-150.00
CX
PZelle Payment To Flor Jpm99ao5c06d
L[JPM - MRJ & DPJ - 5383]
^
D9/24'24
U-915.02
T-915.02
CX
PPoppins Payroll Ccd
LMisc. Expense (Business)
^
D9/26'24
U-1,118.82
T-1,118.82
CX
PEversource Web Pay
LBills & Utilities:Utilities
^
D9/26'24
U-1,000.00
T-1,000.00
CX
PDraftkings Internet Ah
^
D9/27'24
U-4,056.72
T-4,056.72
CX
PZelle Payment To De Napoli
L[JPM - MRJ & DPJ - 5383]
^
D9/30'24
U2,000.00
T2,000.00
CX
PReal Time Payment Credit Recd From Aba/contr Bnk- From: Bnf-fand
L[JPM - MRJ & DPJ - 5383]
^
D9/30'24
U0.32
T0.32
CX
PInterest
LInterest Inc
^
D9/30'24
U2,000.00
T2,000.00
CX
PReal Time Payment Credit Recd From Aba/contr Bnk- From: Bnf-draf
L[JPM - MRJ & DPJ - 5383]
^
D9/30'24
U-150.00
T-150.00
CX
POnline Transfer To Chk ...4837 Transaction#: 09/30
L[JPM - MRJ & DPJ - 5383]
^
D9/30'24
U-500.00
T-500.00
CX
PZelle Payment To John Berman Jpm99aofrbrc
L[JPM - MRJ & DPJ - 5383]
^
D9/30'24
U-273.08
T-273.08
CX
PConnecticut Natu Ct
LBills & Utilities:Utilities
^
D9/30'24
U-1,060.00
T-1,060.00
CX
POnline Transfer To Chk ...4852 Transaction#: 09/30
L[JPM - MRJ & DPJ - 5383]
^
D9/30'24
U-140.00
T-140.00
CX
PZelle Payment To Flor Jpm99aojtfps
L[JPM - MRJ & DPJ - 5383]
^
D10/ 1'24
U-483.23
T-483.23
CX
PAquarion
LMisc. Expense (Business)
^
D10/ 1'24
U-1,005.14
T-1,005.14
CX
PPoppins Payroll Ccd
LMisc. Expense (Business)
^
D10/ 2'24
U-123.97
T-123.97
CX
PPoppins Payroll Ccd
LMisc. Expense (Business)
^
D10/ 2'24
U-500.00
T-500.00
CX
PGita Sutras Llc
^
D10/ 3'24
U37,424.15
T37,424.15
CX
PCash Sweep Savings
L[JPM - MJ - 8047]
^
D10/ 3'24
U0.01
T0.01
CX
PState Connect Payroll
LNet Salary
^
D10/ 3'24
U-3,697.13
T-3,697.13
CX
PField Club Greenwich
^
D10/ 4'24
U7,404.00
T7,404.00
CX
PVensure Hr Payroll
LNet Salary
^
D10/ 7'24
U-160.00
T-160.00
CX
PZelle Payment To Flor Jpm99ap0b7p9
L[JPM - MRJ & DPJ - 5383]
^
D10/ 7'24
U3,970.54
T3,970.54
CX
N1
PRemote Online Deposit
LOther Inc
^
D10/ 8'24
U-1,136.58
T-1,136.58
CX
PPoppins Payroll Ccd
LMisc. Expense (Business)
^
D10/10'24
U38,288.09
T38,288.09
CX
PCash Sweep Savings
L[JPM - MJ - 8047]
^
D10/10'24
U-48,366.05
T-48,366.05
CX
PAmerican Express
L[JPM - MRJ & DPJ - 5383]
^
D10/11'24
U-501.93
T-501.93
C*
PAquarion
LMisc. Expense (Business)
^
D10/15'24
U-160.00
T-160.00
C*
PZelle Payment To Flor Jpm99apdj4hk
L[JPM - MRJ & DPJ - 5383]
^
D10/15'24
U-381.90
T-381.90
C*
PTo Cummings & Lockwood 10/15
^
D10/15'24
U-2,704.48
T-2,704.48
C*
PTo Henn Pools Llc 10/15
^
D10/15'24
U-5,313.25
T-5,313.25
C*
PZelle Payment To De Napoli
^
D10/15'24
U-268.43
T-268.43
C*
PAt&t
LBills & Utilities:Home Phone
^
D10/15'24
U-1,534.18
T-1,534.18
C*
PBrunswick School Mxxxxxxxx4927 Web Id:
^
D10/15'24
U-160.00
T-160.00
C*
PZelle Payment To Flor Jpm99apdj4hk
L[JPM - MRJ & DPJ - 5383]
^
D10/15'24
U-381.90
T-381.90
C*
PTo Cummings & Lockwood 10/15
^
D10/15'24
U-2,704.48
T-2,704.48
C*
PTo Henn Pools Llc 10/15
^
D10/15'24
U-5,313.25
T-5,313.25
C*
PZelle Payment To De Napoli
^
D10/15'24
U-268.43
T-268.43
C*
PAt&t
LBills & Utilities:Home Phone
^
D10/15'24
U-1,534.18
T-1,534.18
C*
PBrunswick School Mxxxxxxxx4927 Web Id:
^
D10/16'24
U-1,043.69
T-1,043.69
C*
PPoppins Payroll Purchase Ccd Id:
^
D10/16'24
U-370.83
T-370.83
C*
PEagle River Wate Billpay Eagle River Wat Ppd Id:
^
D10/16'24
U-1,043.69
T-1,043.69
C*
PPoppins Payroll Purchase Ccd Id:
^
D10/16'24
U-370.83
T-370.83
C*
PEagle River Wate Billpay Eagle River Wat Ppd Id:
^
D10/17'24
U3,970.51
T3,970.51
C*
PState Of Connect Payroll 6189xx Ppd Id: Kxxxxx0798
^
D10/17'24
U46,935.65
T46,935.65
C*
PCash Sweep Savings
L[JPM - MJ - 8047]
^
D10/17'24
U3,970.51
T3,970.51
C*
PState Of Connect Payroll 6189xx Ppd Id: Kxxxxx0798
^
D10/17'24
U46,935.65
T46,935.65
C*
PCash Sweep Savings
LOther Inc
^
D10/17'24
U-105.51
T-105.51
C*
PXcel Energy
LBills & Utilities:Utilities
^
D10/17'24
U-45,371.47
T-45,371.47
C*
PChase Credit Crd Autopay Ppd Id:
^
D10/17'24
U-105.51
T-105.51
C*
PXcel Energy
LBills & Utilities:Utilities
^
D10/17'24
U-45,371.47
T-45,371.47
C*
PChase Credit Crd Autopay Ppd Id:
^
D10/21'24
U-2,854.32
T-2,854.32
C*
PChase Credit Crd Autopay Ppd Id:
^
D10/21'24
U-2,854.32
T-2,854.32
C*
PChase Credit Crd Autopay Ppd Id:
^
D10/22'24
U-1,005.14
T-1,005.14
C*
PPoppins Payroll Purchase Ccd Id:
^
D10/22'24
U-160.00
T-160.00
C*
PZelle Payment To Flor Jpm99apumhbl
L[JPM - MRJ & DPJ - 5383]
^
D10/22'24
U-1,005.14
T-1,005.14
C*
PPoppins Payroll Purchase Ccd Id:
^
D10/22'24
U-160.00
T-160.00
C*
PZelle Payment To Flor Jpm99apumhbl
L[JPM - MRJ & DPJ - 5383]
^
D10/24'24
U-1,062.88
T-1,062.88
C*
PEversource Web_pay Ppd Id:
^
D10/24'24
U-1,062.88
T-1,062.88
C*
PEversource Web_pay Ppd Id:
^
D10/28'24
U-160.00
T-160.00
C*
PZelle Payment To Flor Jpm99aq6jk5i
L[JPM - MRJ & DPJ - 5383]
^
D10/28'24
U-287.69
T-287.69
C*
PConnecticut Natu Ct Natural Xxx8741 Web Id:
^
D10/28'24
U-160.00
T-160.00
C*
PZelle Payment To Flor Jpm99aq6jk5i
L[JPM - MRJ & DPJ - 5383]
^
D10/28'24
U-287.69
T-287.69
C*
PConnecticut Natu Ct Natural Xxx8741 Web Id:
^
D10/29'24
U-1,082.26
T-1,082.26
C*
PPoppins Payroll Purchase Ccd Id:
^
D10/29'24
U-1,082.26
T-1,082.26
C*
PPoppins Payroll Purchase Ccd Id:
^
D10/30'24
U-448.77
T-448.77
C*
PAquarion
LMisc. Expense (Business)
^
D10/30'24
U-448.77
T-448.77
C*
PAquarion
LMisc. Expense (Business)
^
D10/31'24
U3,970.54
T3,970.54
C*
PState Of Connect Payroll 6189xx Ppd Id: Kxxxxx0798
^
D10/31'24
U0.37
T0.37
C*
PInterest Payment
^
D10/31'24
U3,970.54
T3,970.54
C*
PState Of Connect Payroll 6189xx Ppd Id: Kxxxxx0798
^
D10/31'24
U0.37
T0.37
C*
PInterest Payment
^
D11/ 1'24
U-214.70
T-214.70
C*
PTo Stop It|| Pest Services 11/01
^
D11/ 1'24
U-132.94
T-132.94
C*
PTo Stop It|| Pest Services 11/01
^
D11/ 1'24
U-2,500.00
T-2,500.00
C*
PDraftkings Internet Ah76alncxm27jhe Web Id:
^
D11/ 1'24
U-410.48
T-410.48
C*
PAquarion
LMisc. Expense (Business)
^
D11/ 1'24
U-214.70
T-214.70
C*
PTo Stop It|| Pest Services 11/01
^
D11/ 1'24
U-132.94
T-132.94
C*
PTo Stop It|| Pest Services 11/01
^
D11/ 1'24
U-2,500.00
T-2,500.00
C*
PDraftkings Internet Ah76alncxm27jhe Web Id:
^
D11/ 1'24
U-410.48
T-410.48
C*
PAquarion
LMisc. Expense (Business)
^
D11/ 4'24
U2,500.00
T2,500.00
C*
PReal Time Payment Credit Recd From Aba/contr Bnk- From: Bnf-draf
MXXXXXXXXXXXXX4273P1B9KKYXXXXXXX2193 RECD: 23:05:17 TRN: XXXXXX13
L[JPM - MRJ & DPJ - 5383]
^
D11/ 4'24
U2,500.00
T2,500.00
C*
PReal Time Payment Credit Recd From Aba/contr Bnk- From: Bnf-draf
MXXXXXXXXXXXXX4273P1B9KKYXXXXXXX2193 RECD: 23:05:17 TRN: XXXXXX13
L[JPM - MRJ & DPJ - 5383]
^
D11/ 4'24
U-49.00
T-49.00
C*
PPoppins Payroll Purchase Ccd Id:
^
D11/ 4'24
U-160.00
T-160.00
C*
PZelle Payment To Flor Jpm99aqm9ei6
L[JPM - MRJ & DPJ - 5383]
^
D11/ 4'24
U-49.00
T-49.00
C*
PPoppins Payroll Purchase Ccd Id:
^
D11/ 4'24
U-160.00
T-160.00
C*
PZelle Payment To Flor Jpm99aqm9ei6
L[JPM - MRJ & DPJ - 5383]
^
D11/ 5'24
U-1,024.18
T-1,024.18
C*
PPoppins Payroll Purchase Ccd Id:
^
D11/ 5'24
U-1,372.00
T-1,372.00
C*
PWhitbyschool Whitbyscho Ccd Id:
^
D11/ 5'24
U-51.00
T-51.00
C*
POnline Transfer To Chk ...4837 Transaction#: 11/05
L[JPM - MRJ & DPJ - 5383]
^
D11/ 5'24
U151.00
T151.00
C*
N1
PRemote Online Deposit # 1 1
^
D11/ 5'24
U51.00
T51.00
C*
N1
PRemote Online Deposit # 1 1
^
D11/ 5'24
U5.00
T5.00
C*
N1
PRemote Online Deposit # 1 1
^
D11/ 6'24
U-12,827.97
T-12,827.97
C*
PState Of Ct Drs Bus Dirpay Xxx7716 Ccd Id: Txxxxx0598
^
